<record><leader>00000cas a2200000 a 4500</leader><controlfield tag="001">12333851</controlfield><controlfield tag="008">850801d18691880mouwr ne      0    0eng d</controlfield><datafield ind1=" " ind2=" " tag="010"><subfield code="a">sn 85033901 </subfield></datafield><datafield ind1=" " ind2=" " tag="040"><subfield code="a">NPU</subfield><subfield code="b">eng</subfield><subfield code="c">NPU</subfield><subfield code="d">NPX</subfield><subfield code="d">MQN</subfield><subfield code="d">NVF</subfield><subfield code="d">OCL</subfield><subfield code="d">OCLCQ</subfield><subfield code="d">OCLCO</subfield></datafield><datafield ind1="1" ind2=" " tag="029"><subfield code="a">AU@</subfield><subfield code="b">000020383610</subfield></datafield><datafield ind1=" " ind2=" " tag="042"><subfield code="a">msc</subfield></datafield><datafield ind1=" " ind2=" " tag="043"><subfield code="a">n-us-mo</subfield></datafield><datafield ind1="0" ind2=" " tag="130"><subfield code="a">Commerce dispatch (Commerce, Mo. : 1869)</subfield></datafield><datafield ind1="1" ind2="0" tag="245"><subfield code="a">Commerce dispatch.</subfield></datafield><datafield ind1=" " ind2=" " tag="260"><subfield code="a">Commerce, Mo. :</subfield><subfield code="b">Lynch &amp; Bowman,</subfield><subfield code="c">1869-</subfield></datafield><datafield ind1=" " ind2=" " tag="300"><subfield code="a">v. ;</subfield><subfield code="c">56 cm.</subfield></datafield><datafield ind1=" " ind2=" " tag="310"><subfield code="a">Weekly</subfield></datafield><datafield ind1="0" ind2=" " tag="362"><subfield code="a">Vol. 3, no. 21 (July 10, 1869)-</subfield></datafield><datafield ind1="1" ind2=" " tag="362"><subfield code="a">Ceased in 1880?</subfield></datafield><datafield ind1=" " ind2="0" tag="651"><subfield code="a">Commerce (Mo.)</subfield><subfield code="v">Newspapers.</subfield></datafield><datafield ind1=" " ind2=" " tag="752"><subfield code="a">United States</subfield><subfield code="b">Missouri</subfield><subfield code="c">Scott</subfield><subfield code="d">Commerce.</subfield></datafield><datafield ind1="0" ind2="0" tag="780"><subfield code="t">Dispatch (Commerce, Mo.)</subfield><subfield code="w">(DLC)sn 89066796</subfield></datafield></record>